@article{garamszegi2016,
  title={A simple statistical guide for the analysis of behaviour when data are
    constrained due to practical or ethical reasons},
  author={Garamszegi, L{\'a}szl{\'o} Zsolt},
  journal={Animal Behaviour},
  year={2016},
  publisher={Elsevier}
}
@article{greenland2016,
  title={Statistical tests, P values, confidence intervals, and power: a guide
    to misinterpretations},
  author={Greenland, Sander and Senn, Stephen J and Rothman, Kenneth J and
    Carlin, John B and Poole, Charles and Goodman, Steven N and Altman, Douglas G},
  journal={European journal of epidemiology},
  pages={1--14},
  year={2016},
  publisher={Springer}
}
